<record xmlns="http://www.loc.gov/MARC21/slim" xmlns:xsi="http://www.w3.org/2001/XMLSchema-instance" xsi:schemaLocation="http://www.loc.gov/MARC21/slim http://www.loc.gov/standards/marcxml/schema/MARC21slim.xsd">

  <leader>00862nam a2200217Ia 4500</leader>
  <datafield ind1=" " tag="999" ind2=" ">
    <subfield code="c">621</subfield>
    <subfield code="d">621</subfield>
  </datafield>
  <controlfield tag="008">170315b2009    cr ||||| |||| 00| | spa d</controlfield>
  <datafield tag="020" ind2=" " ind1=" ">
    <subfield code="a">9789968633000</subfield>
  </datafield>
  <datafield ind1=" " ind2=" " tag="090">
    <subfield code="a">06.03.06 </subfield>
    <subfield code="b">423</subfield>
  </datafield>
  <datafield ind2=" " tag="100" ind1="1">
    <subfield code="a">Méndez Garita, Nuria Isabel</subfield>
    <subfield code="9">2547</subfield>
  </datafield>
  <datafield ind1="1" tag="245" ind2="3">
    <subfield code="a">La literatura para niños y niñas: de la didáctica a la fantasía / </subfield>
    <subfield code="c">Nuria Isabel Méndez Garita, Carlos Rubio Torres, Minor Arias</subfield>
  </datafield>
  <datafield tag="250" ind2=" " ind1=" ">
    <subfield code="a">1 edición</subfield>
  </datafield>
  <datafield ind1=" " tag="260" ind2=" ">
    <subfield code="a">Costa Rica : </subfield>
    <subfield code="b">Coordinación  Educativa y Cultural Centroamericana CECC/SICA, </subfield>
    <subfield code="c">2009</subfield>
  </datafield>
  <datafield ind1=" " tag="300" ind2=" ">
    <subfield code="a">125 páginas</subfield>
  </datafield>
  <datafield ind1=" " ind2=" " tag="490">
    <subfield code="a">Colección Pedagógica Formación Inicial de Docentes Centroamericanos de Educación Básica N, 47</subfield>
  </datafield>
  <datafield ind1="1" tag="650" ind2="4">
    <subfield code="a">LITERATURA INFANTIL</subfield>
    <subfield code="9">2064</subfield>
  </datafield>
  <datafield tag="650" ind2="4" ind1="1">
    <subfield code="a">EDUCACIÓN PRIMARIA</subfield>
    <subfield code="9">367</subfield>
  </datafield>
  <datafield ind2="4" tag="650" ind1="1">
    <subfield code="a">LIBROS DE TEXTO</subfield>
    <subfield code="9">1746</subfield>
  </datafield>
  <datafield ind2=" " tag="700" ind1="1">
    <subfield code="9">227</subfield>
    <subfield code="a">Rubio Torres, Carlos</subfield>
  </datafield>
  <datafield tag="700" ind2=" " ind1="1">
    <subfield code="9">2548</subfield>
    <subfield code="a">Arias Uva, Minor</subfield>
  </datafield>
  <datafield tag="942" ind2=" " ind1=" ">
    <subfield code="2">z</subfield>
    <subfield code="c">01</subfield>
  </datafield>
</record>